@manual{toroverview,
	title={Tor: Overview},
	note={\url{https://www.torproject.org/about/overview.html.en}}
}
@manual{torstatus,
	title={TorStatus - Tor Network Status},
	note={\url{https://torstatus.blutmagie.de}}
}
@manual{tormanual,
	title={Tor Manual},
	note={\url{https://www.torproject.org/docs/tor-manual-dev.html.en}}
}
@techreport{dingledine2004tor,
	title={Tor: The second-generation onion router},
	author={Dingledine, Roger and Mathewson, Nick and Syverson, Paul},
	year={2004},
	institution={DTIC Document}
}
@article{goldschlag1999onion,
	title={Onion routing},
	author={Goldschlag, David and Reed, Michael and Syverson, Paul},
	journal={Communications of the ACM},
	volume={42},
	number={2},
	pages={39--41},
	year={1999},
	publisher={ACM}
}

@inproceedings{shadow,
	title = {Shadow: Running Tor in a Box for Accurate and Efficient Experimentation},
	author = {Rob Jansen and Nicholas Hopper},
	booktitle = {Proceedings of the 19th Symposium on Network and Distributed System Security (NDSS)},
	year = {2012},
	month = {February},
	publisher = {Internet Society},
}

@techreport{leech1996rfc,
	title={RFC 1928: SOCKS protocol version 5},
	author={Leech, Marcus and Ganis, Matt and Lee, Y and Kuris, Ron and Koblas, David and Jones, L},
	year={1996},
	institution={RFC, IETF, March}
}

@article{starov2015measuring,
	title={Measuring and mitigating AS-level adversaries against Tor},
	author={Starov, Oleksii and Nithyanand, Rishab and Zair, Adva and Gill, Phillipa and Schapira, Michael},
	journal={arXiv preprint arXiv:1505.05173},
	year={2015}
}

@inproceedings{edman2009awareness,
	title={AS-awareness in Tor path selection},
	author={Edman, Matthew and Syverson, Paul},
	booktitle={Proceedings of the 16th ACM conference on Computer and communications security},
	pages={380--389},
	year={2009},
	organization={ACM}
}

@article{chaum1981untraceable,
	title={Untraceable electronic mail, return addresses, and digital pseudonyms},
	author={Chaum, David L},
	journal={Communications of the ACM},
	volume={24},
	number={2},
	pages={84--90},
	year={1981},
	publisher={ACM}
}

@article{vantor,
  title={Tor vs the NSA},
  author={van Rijsbergen, Nicky and Valk, Kevin}
}
@article{schneier2013attacking,
  title={Attacking Tor: how the NSA targets usersâ€™ online anonymity},
  author={Schneier, Bruce},
  journal={The Guardian},
  volume={4},
  year={2013}
}
