@article{arthur2013nsa,
  title={NSA scandal: what data is being monitored and how does it work},
  author={Arthur, C},
  journal={The Guardian},
  year={2013}
}
@article{sports2013nsa,
  title={NSA slides explain the PRISM data-collection program},
  author={Sports, Politics Opinions Local},
  year={2013}
}
@article{greenwald2013edward,
  title={Edward Snowden: the whistleblower behind the NSA surveillance revelations},
  author={Greenwald, Glenn and MacAskill, Ewen and Poitras, Laura},
  journal={The Guardian},
  volume={9},
  year={2013}
}
@article{ackerman2013lavabit,
  title={Lavabit email service abruptly shut down citing government interference},
  author={Ackerman, Spencer},
  journal={The Guardian},
  volume={9},
  year={2013}
}
@book{zimmermann1995official,
  title={The official PGP user's guide},
  author={Zimmermann, Philip R},
  year={1995},
  publisher={MIT press}
}
@book{doraswamy2003ipsec,
  title={IPSec: the new security standard for the Internet, intranets, and virtual private networks},
  author={Doraswamy, Naganand and Harkins, Dan},
  year={2003},
  publisher={Prentice Hall Professional}
}
@article{drapau2014protonmail,
  title={ProtonMail, client mail crypt{\'e} d{\'e}velopp{\'e} par le CERN},
  author={Drapau, Sylvain},
  year={2014},
  publisher={SlyDnet}
}
@inproceedings{clarke2001freenet,
  title={Freenet: A distributed anonymous information storage and retrieval system},
  author={Clarke, Ian and Sandberg, Oskar and Wiley, Brandon and Hong, Theodore W},
  booktitle={Designing Privacy Enhancing Technologies},
  pages={46--66},
  year={2001},
  organization={Springer}
}
@article{goldschlag1999onion,
  title={Onion routing},
  author={Goldschlag, David and Reed, Michael and Syverson, Paul},
  journal={Communications of the ACM},
  volume={42},
  number={2},
  pages={39--41},
  year={1999},
  publisher={ACM}
}
@misc{bennettgnunet,
  title={Gnunet-a truly anonymous networking infrastructure. Maggio 2002},
  author={Bennett, K and Grothoff, C and Horozov, T and Patrascu, I and Stef, T}
}

@incollection{abe1999mix,
  title={Mix-networks on permutation networks},
  author={Abe, Masayuki},
  booktitle={Advances in cryptology-ASIACRYPT’99},
  pages={258--273},
  year={1999},
  publisher={Springer}
}
@inproceedings{zantout2011i2p,
  title={I2p data communication system},
  author={Zantout, Bassam and Haraty, Ramzi},
  booktitle={Proceedings of the tenth international conference on networks},
  pages={401--409},
  year={2011}
}

@manual{toroverview,
	title={Tor: Overview},
	note={\url{https://www.torproject.org/about/overview.html.en}}
}
@manual{tormanual,
	title={Tor Manual},
	note={\url{https://www.torproject.org/docs/tor-manual-dev.html.en}}
}
@techreport{dingledine2004tor,
	title={Tor: The second-generation onion router},
	author={Dingledine, Roger and Mathewson, Nick and Syverson, Paul},
	year={2004},
	institution={DTIC Document}
}
@article{goldschlag1999onion,
	title={Onion routing},
	author={Goldschlag, David and Reed, Michael and Syverson, Paul},
	journal={Communications of the ACM},
	volume={42},
	number={2},
	pages={39--41},
	year={1999},
	publisher={ACM}
}

@article{salo2010recent,
  title={Recent Attacks On Tor},
  author={Salo, Juha},
  journal={Aalto University},
  year={2010}
}


@article{starov2015measuring,
	title={Measuring and mitigating AS-level adversaries against Tor},
	author={Starov, Oleksii and Nithyanand, Rishab and Zair, Adva and Gill, Phillipa and Schapira, Michael},
	journal={arXiv preprint arXiv:1505.05173},
	year={2015}
}
@inproceedings{edman2009awareness,
	title={AS-awareness in Tor path selection},
	author={Edman, Matthew and Syverson, Paul},
	booktitle={Proceedings of the 16th ACM conference on Computer and communications security},
	pages={380--389},
	year={2009},
	organization={ACM}
}
@article{vantor,
  title={Tor vs the NSA},
  author={van Rijsbergen, Nicky and Valk, Kevin}
}
@article{schneier2013attacking,
  title={Attacking Tor: how the NSA targets users’ online anonymity},
  author={Schneier, Bruce},
  journal={The Guardian},
  volume={4},
  year={2013}
}

@manual{torleaks,
	title={Tor anonymizer network among NSA’s targets, Snowden leaks reveal}
	note={\url{Tor anonymizer network among NSA’s targets, Snowden leaks reveal}}
}
